<?xml version="1.0" encoding="UTF-8"?><collection xmlns="http://www.loc.gov/MARC21/slim"><record><leader>00424nam--2200169-i-4500</leader><controlfield tag="001">000036363</controlfield><controlfield tag="002">20161230</controlfield><controlfield tag="005">20170305223427</controlfield><controlfield tag="008">060222s1000------------r-----000-0-eng-d</controlfield><datafield ind1=" " ind2=" " tag="080"><subfield code="a">621.039:621.311.2(73)</subfield></datafield><datafield ind1=" " ind2=" " tag="100"><subfield code="a">Pittman, Frank K</subfield></datafield><datafield ind1=" " ind2=" " tag="245"><subfield code="a">Nuclear power, U.S.A</subfield></datafield><datafield ind1=" " ind2=" " tag="260"><subfield code="a">New York</subfield><subfield code="b">Mcgraw-hill Book Co</subfield><subfield code="c">1964</subfield></datafield><datafield ind1=" " ind2=" " tag="300"><subfield code="a">201 p</subfield></datafield><datafield ind1=" " ind2=" " tag="700"><subfield code="a">Hogerton, John F</subfield></datafield><datafield ind1=" " ind2=" " tag="852"><subfield code="a">49096</subfield></datafield><datafield ind1=" " ind2=" " tag="CAT"><subfield code="a">SYS</subfield><subfield code="c">20170305</subfield><subfield code="h">223427</subfield></datafield></record></collection>